@ARTICLE{rosenfeld96maximum,
  author = {R. Rosenfeld},
  title = {A Maximum Entropy Approach to Adaptive Statistical Language Modeling},
  journal = { Computer, Speech and Language1996},
  year = {1996},
  volume = {10},
  pages = {187-- 228},
  note = {Longe version: Carnegie Mellon Tech. Rep. CMU-CS-94-138.},
}

@ARTICLE{darroch1972annals,
  author = {Darroch, J.N. and Ratcliff, D.},
  title = {Generalized Iterative Scaling for Log-Linear Models.},
  journal = {The Annals of Mathematical Statistics},
  year = {1972},
  volume = {Vol. 43},
  pages = {pp 1470--1480},
}

@ARTICLE{berger96maximum,
  author = {Berger, Adam L. and Della Pietra, Stephen A. and
                  Della Pietra, Vincent J.},
  title = {A Maximum Entropy Approach to Natural Language
                  Processing},
  journal = {Computational Linguistics},
  year = {1996},
  volume = {22},
  number = {1},
  pages = {39--71},
}

@ARTICLE{dellapietra97inducing,
  author = {Della Pietra, Stephen and Della Pietra, Vincent J. and John D. Laf ferty},
  title = {Inducing Features of Random Fields},
  journal = {IEEE Transactions on Pattern Analysis and Machine Intelligence},
  year = {1997},
  volume = {19},
  number = {4},
  pages = {380-393},
}

@BOOK{jaynes1983,
  title = {Papers on Probability, Statistics, and Statistical Physics},
  publisher = {D. Reidel Publishing Company},
  year = {1983},
  author = {E. Jaynes},
}

@INPROCEEDINGS{lafferty01conditional,
  author = {John Lafferty and Andrew McCallum and Fernando Pereira},
  title = {Conditional Random Fields: {P}robabilistic Models for Segmenting an
d Labeling Sequence Data},
  booktitle = {Proc. 18th International Conf. on Machine Learning},
  year = {2001},
  number = {282--289},
  publisher = {Morgan Kaufmann, San Francisco, CA},
}

@INPROCEEDINGS{mikheev98feature,
  author = {Andrei Mikheev},
  title = {Feature Lattices for Maximum Entropy Modelling},
  booktitle = {{COLING}-{ACL}},
  year = {1998},
  pages = {848-854},
}

@INPROCEEDINGS{allum00maximum,
  author = {Andrew Mc{C}allum and Dayne Freitag and Fernando Pereira},
  title = {Maximum Entropy {M}arkov Models for Information Extraction and Segmentation},
  booktitle = {Proc. 17th International Conf. on Machine Learning},
  year = {2000},
  pages = {591--598},
  publisher = {Morgan Kaufmann, San Francisco, CA},
}

@MASTERSTHESIS{wallach-efficient,
  author = {Hanna Wallach},
  title = {Efficient Training of Conditional Random Fields},
  school = {University of Edinburgh},
  year = {2002},
}

@MISC{curran-investigating,
  author = {James R. Curran And Stephen Clark},
  title = {Investigating GIS and Smoothing for Maximum Entropy Taggers},
}

@MISC{reynar97maximum,
  author = {J. Reynar and A. Ratnaparkhi},
  title = {A Maximum Entropy Approach to Identifying Sentence Boundaries},
  year = {1997},
  text = {Reynar, J. C. and Ratnaparkhi, A. (1997). A Maximum Entropy Approach to
    Identifying Sentence Boundaries. In Proceedings of the Fifth Conference
    on Applied Natural Language Processing, pages 16--19, Washington D.C.},
}

@MISC{berger97improved,
  author = {A. Berger},
  title = {The improved iterative scaling algorithm: A gentle introduction},
  year = {1997},
  text = {Berger, A. (1997). The improved iterative scaling algorithm: A gentle introduction.
    http://www.cs.cmu.edu/afs/cs/user/aberger/www/ps/scaling.ps.},
}

@MISC{ratnaparkhi98maximum,
  author = {A. Ratnaparkhi},
  title = {Maximum Entropy Models for Natural Language Ambiguity Resolution},
  year = {1998},
  text = {A. Ratnaparkhi, Maximum Entropy Models for Natural Language Ambiguity Resolution,
    Ph.D. thesis, University of Pennsylvania, Philadelphia, PA, 1998.},
}

@MISC{microsoft-exponential,
  author = {Joshua Goodman Microsoft},
  title = {Exponential Priors for Maximum Entropy Models},
}

@MISC{ratnaparkhi-simple,
  author = {A. Ratnaparkhi},
  title = {A simple introduction to maximum entropy models for natural language processing},
  text = {Adwait Ratnaparkhi. 1997b. A simple introduction to maximum entropy models
    for natural language processing. Technical Report 97-08, Institute for Research
    in Cognitive Science, University of Pennsylvania, May.},
}

@MISC{goodman-sequential,
  author = {Joshua Goodman},
  title = {Sequential Conditional Generalized Iterative Scaling},
}

@MISC{malouf-comparison,
  author = {Robert Malouf},
  title = {A comparison of algorithms for maximum entropy parameter estimation},
  year = {2003},
}

@PHDTHESIS{junwu2002,
  author = {Jun Wu},
  title = {Maximum Entropy Language Modeling with Non-Local dependencies},
  school = {Johns Hopkins University},
  year = {2002},
}
@article{ liu89limited,
    author = "D. C. {Liu} and J. {Nocedal}",
    title = "On the limited memory {B}{F}{G}{S} method for large scale optimization",
    journal = "Math. Programming",
    volume = "45",
    number = "3, (Ser. B)",
    pages = "503--528",
    year = "1989",
}


